@article{pena,
author = {Daniel Peña and Victor J. Yohai},
title = {Generalized Dynamic Principal Components},
journal = {Journal of the American Statistical Association},
volume = {111},
number = {515},
pages = {1121-1131},
year = {2016},
doi = {10.1080/01621459.2015.1072542},
URL = {http://dx.doi.org/10.1080/01621459.2015.1072542},
eprint = { http://dx.doi.org/10.1080/01621459.2015.1072542}
}

@article{bai,
author = {Bai J.},
author = {Ng S.},
title = {“Determining the Number of Factors in Approximate Factor Models},
journal = {Econometrica},
volume = {70},
pages = {191},
year = {2002}
}

@article{box,
author = {Box G. E. P.},
author = {Tiao G. C.},
title = {“A Canonical Analysis of Multiple Time Series},
journal = {Biometrika},
volume = {64},
pages = {355},
year = {1977}
}

@article {hormann,
author = {Hörmann S.},
author = {Kidziński L.},
author = {Hallin M.},
title = {“Dynamic Functional Principal Components},
journal = {Journal of the Royal Statistical Society, Series B},
year = {2014}
}
    
@book{brillinger,
title={Time series: data analysis and theory},
author={Brillinger, David R},
year={2001},
publisher={SIAM}
}

@article{wang,
title={Exploratory Analysis of High Dimensional Time Series with Applications to Multichannel Electroencephalograms},
author={Wang, Yuxiao and Ting, Chee-Ming and Ombao, Hernando},
journal={arXiv preprint arXiv:1610.07684},
year={2016}
}

@article{wang,
title={Exploring Low Dimensional Representations in Brain Signals of Rats},
author={Zhelambayeva, Altyn and Ombao, Hernando},
year={2017}
}
